/*
inproceedings{Norgaard,
 author = {N{\o}rgaard, Mie and Hornb{\ae}k, Kasper},
 title = {What Do Usability Evaluators Do in Practice? An Explorative Study of Think-aloud Testing},
 booktitle = {Proceedings of the 6th Conference on Designing Interactive Systems},
 series = {DIS '06},
 year = {2006},
 isbn = {1-59593-367-0},
 location = {University Park, PA, USA},
 pages = {209--218},
 numpages = {10},
 url = {http://doi.acm.org/10.1145/1142405.1142439},
 doi = {10.1145/1142405.1142439},
 acmid = {1142439},
 publisher = {ACM},
 address = {New York, NY, USA},
 keywords = {industrial software development, think aloud testing, usability evaluation, user-centered design},
} 

inproceedings{Nielsen,
 author = {Nielsen, Janni and Clemmensen, Torkil and Yssing, Carsten},
 title = {Getting Access to What Goes on in People's Heads? Reflections on the Think-aloud Technique},
 booktitle = {Proceedings of the Second Nordic Conference on Human-computer Interaction},
 series = {NordiCHI '02},
 year = {2002},
 isbn = {1-58113-616-1},
 location = {Aarhus, Denmark},
 pages = {101--110},
 numpages = {10},
 url = {http://doi.acm.org/10.1145/572020.572033},
 doi = {10.1145/572020.572033},
 acmid = {572033},
 publisher = {ACM},
 address = {New York, NY, USA},
 keywords = {think aloud, usability, verbal report},
} 

@booklet{CODA-Steckbrief,
    author = {Sivrikaya, Dr. Fikret},
    title = {Automatisierung von Machine Learning Workflows, CODA Projekt-Steckbrief},
    url = {http://www.gt-arc.com/wp-content/uploads/2017/08/Projekt_GT-ARC_CODA_de.pdf},
    language = {german}

}