@article{OpenML2013,
author = {Vanschoren, Joaquin and van Rijn, Jan N. and Bischl, Bernd and Torgo, Luis},
title = {OpenML: Networked Science in Machine Learning},
journal = {SIGKDD Explorations},
volume = {15},
number = {2},
year = {2013},
pages = {49--60},
url = {http://doi.acm.org/10.1145/2641190.2641198},
doi = {10.1145/2641190.2641198},
publisher = {ACM},
address = {New York, NY, USA},
}

@misc{gt-arc,
  author = {GT-Arc},
  title = {GT-Arc Homepage},
  note = {http://www.gt-arc.com/?lang=de},
  lastvisited = {2019-06-21},
}

@misc{coda-git,
  author = {},
  title = {Data Analytics Engine / Data Analytics Engine Backend / tools . GitLab },
  note = {https://gitlab.dai-labor.de/dae/dae\_back/tools},
  lastvisited = {2019-06-21},
}
Commit ssh-key is 3218ae213b475b1bf157710dd82dea5968048812

@misc{silverlight,
  author = {Microsoft},
  title = {Microsoft product livecycle},
  note = {https://support.microsoft.com/en-us/lifecycle/search?alpha=Silverlight\%205},
  lastvisited = {2019-06-21},
}

@misc{flash,
  author = {Adobe Corporate Communications},
  title = {Flash \& The Future of Interactive Content},
  note = {https://theblog.adobe.com/adobe-flash-update/},
  lastvisited = {2019-06-21},
}

@misc{angularJS,
  author = {Wikipedia},
  title = {AngularJS},
  note = {https://de.wikipedia.org/wiki/AngularJS},
  lastvisited = {2019-06-21},
}

@misc{angular,
  author = {Angular},
  title = {Angular},
  note = {https://angular.io/},
  lastvisited = {2019-06-21},
}

@misc{angularRelease,
  author = {Angular},
  title = {Releases / Angular},
  note = {https://github.com/angular/angular/releases},
  lastvisited = {2019-06-21},
}

@misc{typescriptLicense,
  author = {TypeScript},
  title = {TypeScript/License.txt},
  note = {https://github.com/microsoft/TypeScript/blob/master/LICENSE.txt},
  lastvisited = {2019-06-21},
}

@misc{typescript,
  author = {typescriptlang.org},
  title = {TypeScript - JavaScript that scales.},
  note = {https://www.typescriptlang.org/},
  lastvisited = {2019-06-21},
}


@misc{chartjs,
  author = {chart.js},
  title = {Chart.js},
  note = {https://github.com/chartjs/Chart.js},
  lastvisited = {2019-06-21},
}

@misc{chartjs-contributors,
  author = {github},
  title = {contributors to chartjs},
  note = {https://github.com/chartjs/Chart.js/graphs/contributors},
  lastvisited = {2019-06-21},
}

@misc{gradle,
  author = {gradle.org},
  title = {What is gradle?},
  note = {https://docs.gradle.org/current/userguide/what\_is\_gradle.html},
  lastvisited = {2019-06-21},
}

@misc{stackoverflowSurvey,
  author = {stackoverflow},
  title = {Developer Survey Results 2019},
  note = {https://insights.stackoverflow.com/survey/2019},
  lastvisited = {2019-06-21},
}



