
@inproceedings{123,
 author = {Max Mustermann},
 title = {{Bitte lösche diesen Eintrag und schreibe deinen eigenen Bibtex-einträge hier rein.}},
 booktitle = {ABC '99: Proceedings of the eighth international conference on ABC},
 year = {1999},
 isbn = {1-58113-146-1},
 pages = {330--334},
 location = {Kansas City, Missouri, United States},
 doi = {http://doi.acm.org/10.1145/319950.320024},
 publisher = {ACM Press},
 address = {New York, NY, USA},
 }

@article{456,
 author = {Maria Musterfrau},
 title = {{Ja, auch dieser Bibtex-Eintrag muss gelöscht werden...}},
 journal = {ACM Trans. Inf. Syst.},
 volume = {12},
 number = {1},
 year = {1994},
 issn = {1046-8188},
 pages = {92--115},
 doi = {http://doi.acm.org/10.1145/174608.174612},
 publisher = {ACM Press},
 address = {New York, NY, USA},
 }

@inproceedings{Norgaard:2006:UEP:1142405.1142439,
 author = {N{\o}rgaard, Mie and Hornb{\ae}k, Kasper},
 title = {What Do Usability Evaluators Do in Practice?: An Explorative Study of Think-aloud Testing},
 booktitle = {Proceedings of the 6th Conference on Designing Interactive Systems},
 series = {DIS '06},
 year = {2006},
 isbn = {1-59593-367-0},
 location = {University Park, PA, USA},
 pages = {209--218},
 numpages = {10},
 url = {http://doi.acm.org/10.1145/1142405.1142439},
 doi = {10.1145/1142405.1142439},
 acmid = {1142439},
 publisher = {ACM},
 address = {New York, NY, USA},
 keywords = {industrial software development, think aloud testing, usability evaluation, user-centered design},
} 

